@book{cann,
    author= {Cann, Alan},
    title = {Principles of Moclecular Virology},
    publisher = {Elsevier Academic Press},
    year = {2015},
    isbn= {9780128019559}
}

@article{pan,
    title={Mathematical analysis of an in-hot model of viral dynamics with spatial hetrogeneity},
    author={Pankavich, Stephen and Parkinson, Christian},
    journal = {arXiv preprint arXiv:1508.07617},
    year={2015}
}

@book{hamming,
    title={Numerical Methods for Scientists and Engineers},
    author={Hamming, R.W},
    publisher={Dover Publications},
    year={1973}

}

@article{durran,
  title={The third-order Adams-Bashforth method: An attractive alternative to leapfrog time differencing},
  author={Durran, Dale R},
  journal={Monthly weather review},
  volume={119},
  number={3},
  pages={702--720},
  year={1991}
}

@article{lilly,
  title={On the computational stability of numerical solutions of time-dependent non-linear geophysical fluid dynamics problems},
  author={Lilly, Douglas K},
  journal={Mon. Wea. Rev},
  volume={93},
  number={1},
  pages={11--26},
  year={1965},
  publisher={Citeseer}
}

@misc{sdeProc,
  title={Lecture notes on Stochastic Differential Equations},
  author={Miranda Holmes-Cerfon},
  date={2019},
  publisher={New York University}
 }

 @article{mahrouf2017stability,
  title={Stability Analysis for Stochastic Differential Equations in Virology},
  author={Mahrouf, Marouane and Lotfi, El Mehdi and Maziane, Mehdi and Hattaf, Khalid and Yousfi, Noura},
  journal={Journal of Advances in Mathematics and Computer Science},
  pages={1--12},
  year={2017}
} 

@article{zeger,
  title={Statistical methods for monitoring the AIDS epidemic},
  author={Zeger, Scott L and See, Lai-Chu and Diggle, Peter J},
  journal={Statistics in Medicine},
  volume={8},
  number={1},
  pages={3--21},
  year={1989},
  publisher={Wiley Online Library}
}

@book{brze,
  title={Basic stochastic processes: a course through exercises},
  author={Brzezniak, Zdzislaw and Zastawniak, Tomasz},
  year={2000},
  publisher={Springer Science \& Business Media}
}
  
